<?xml version="1.0" encoding="UTF-8"?>
<record xmlns="http://www.loc.gov/MARC21/slim">
  <leader>02238nam a2200421 a 4500</leader>
  <controlfield tag="001">cihm_37089</controlfield>
  <controlfield tag="003">CaSfIA</controlfield>
  <controlfield tag="005">20151008010651.0</controlfield>
  <controlfield tag="007">cr||||||||||||</controlfield>
  <controlfield tag="008">870219s1799    gx      b     000 0 ger d</controlfield>
  <datafield tag="020" ind1=" " ind2=" ">
    <subfield code="a">066537089X (v. 1)</subfield>
  </datafield>
  <datafield tag="035" ind1=" " ind2=" ">
    <subfield code="a">ocn464002501</subfield>
  </datafield>
  <datafield tag="040" ind1=" " ind2=" ">
    <subfield code="a">CaOOCIHM</subfield>
    <subfield code="b">eng</subfield>
    <subfield code="c">CaOOCIHM</subfield>
    <subfield code="d">AEU</subfield>
    <subfield code="d">CaSfIA</subfield>
  </datafield>
  <datafield tag="043" ind1=" " ind2=" ">
    <subfield code="a">n-cn-on</subfield>
    <subfield code="a">n-cn-qu</subfield>
    <subfield code="a">n-us---</subfield>
  </datafield>
  <datafield tag="082" ind1="0" ind2=" ">
    <subfield code="a">917</subfield>
    <subfield code="2">19</subfield>
  </datafield>
  <datafield tag="090" ind1=" " ind2=" ">
    <subfield code="a">FC 02 0203 no. 37089</subfield>
    <subfield code="b">AEU</subfield>
  </datafield>
  <datafield tag="100" ind1="1" ind2=" ">
    <subfield code="a">La Rochefoucauld Liancourt, François Alexandre,</subfield>
    <subfield code="c">duc de,</subfield>
    <subfield code="d">1747-1827.</subfield>
  </datafield>
  <datafield tag="245" ind1="1" ind2="0">
    <subfield code="a">De La Rochefaucauld [sic] Liancourt, Reisen in den Jahren 1795, 1796 und 1797 durch alle an der See belegenen Staaten der nordamerikanischen Republik</subfield>
    <subfield code="h">[electronic resource] </subfield>
    <subfield code="b">imgleichen durch Ober-Canada und das Land der Irokesen, nebst zuverlässigen Nachrichten von Unter-Canada /</subfield>
    <subfield code="c">aus der französischen Handschrift übersetzt.</subfield>
  </datafield>
  <datafield tag="246" ind1="3" ind2="0">
    <subfield code="a">Reisen in den Jahren 1795, 1796 und 1797 durch alle an der See belegenen Staaten der nordamerikanischen Republik</subfield>
  </datafield>
  <datafield tag="260" ind1=" " ind2=" ">
    <subfield code="a">Hamburg :</subfield>
    <subfield code="b">Bei Benjamin Gottlob Hoffmann,</subfield>
    <subfield code="c">1799.</subfield>
  </datafield>
  <datafield tag="300" ind1=" " ind2=" ">
    <subfield code="a">7 microfiches (392 fr.).</subfield>
  </datafield>
  <datafield tag="490" ind1="1" ind2=" ">
    <subfield code="a">CIHM/ICMH Microfiche series = CIHM/ICMH collection de microfiches ;</subfield>
    <subfield code="v">no. 37089</subfield>
  </datafield>
  <datafield tag="500" ind1=" " ind2=" ">
    <subfield code="a">"Erster Band."</subfield>
  </datafield>
  <datafield tag="500" ind1=" " ind2=" ">
    <subfield code="a">Part of a CIHM set. For individual microfiches in this set, see CIHM microfiche nos. 37088-37091.</subfield>
  </datafield>
  <datafield tag="500" ind1=" " ind2=" ">
    <subfield code="a">Translation of Voyage dans les États-Unis d'Amérique, fait en 1795, 1796, et 1797.</subfield>
  </datafield>
  <datafield tag="500" ind1=" " ind2=" ">
    <subfield code="a">"Mit allergnädigsten Freiheiten."</subfield>
  </datafield>
  <datafield tag="500" ind1=" " ind2=" ">
    <subfield code="a">Original issued in series: Neuere Geschichte der See-und Land-Reisen ; 9. Bd.</subfield>
  </datafield>
  <datafield tag="500" ind1=" " ind2=" ">
    <subfield code="a">Tables.</subfield>
  </datafield>
  <datafield tag="533" ind1=" " ind2=" ">
    <subfield code="a">Filmed from a copy of the original publication held by the Library of Congress, Photoduplication Service.</subfield>
    <subfield code="b">Ottawa :</subfield>
    <subfield code="c">Canadian Institute for Historical Microreproductions,</subfield>
    <subfield code="d">1983.</subfield>
  </datafield>
  <datafield tag="534" ind1=" " ind2=" ">
    <subfield code="e">xx, [2], 629 p. ; 22 cm.</subfield>
  </datafield>
  <datafield tag="596" ind1=" " ind2=" ">
    <subfield code="a">43</subfield>
  </datafield>
  <datafield tag="651" ind1=" " ind2="0">
    <subfield code="a">United States</subfield>
    <subfield code="x">Description and travel</subfield>
    <subfield code="v">Early works to 1800.</subfield>
  </datafield>
  <datafield tag="651" ind1=" " ind2="5">
    <subfield code="a">Canada</subfield>
    <subfield code="x">Description and travel</subfield>
    <subfield code="y">1764-1867.</subfield>
  </datafield>
  <datafield tag="651" ind1=" " ind2="6">
    <subfield code="a">États-Unis</subfield>
    <subfield code="x">Descriptions et voyages</subfield>
    <subfield code="y">1783-1848.</subfield>
  </datafield>
  <datafield tag="651" ind1=" " ind2="6">
    <subfield code="a">Canada</subfield>
    <subfield code="x">Descriptions et voyages</subfield>
    <subfield code="y">1764-1867.</subfield>
  </datafield>
  <datafield tag="830" ind1=" " ind2="0">
    <subfield code="a">CIHM/ICMH microfiche series ;</subfield>
    <subfield code="v">no. 37089</subfield>
  </datafield>
  <datafield tag="856" ind1="4" ind2="1">
    <subfield code="u">http://archive.org/details/cihm_37089</subfield>
    <subfield code="z">Free eBook from the Internet Archive</subfield>
  </datafield>
  <datafield tag="856" ind1="4" ind2="2">
    <subfield code="u">http://www.openlibrary.org/books/OL24396560M</subfield>
    <subfield code="z">Additional information and access via Open Library</subfield>
  </datafield>
  <datafield tag="016" ind1=" " ind2=" ">
    <subfield code="a"> 876022875</subfield>
  </datafield>
</record>
